<?xml version="1.0" encoding="UTF-8"?><collection><record><leader>05746ntm a2200541 a 4500</leader><controlfield tag="001">006822258</controlfield><controlfield tag="003">MiAaHDL</controlfield><controlfield tag="005">20190719000000.0</controlfield><controlfield tag="006">m        d        </controlfield><controlfield tag="007">cr bn ---auaua</controlfield><controlfield tag="008">090623q16151616un            00| ||ota d</controlfield><datafield tag="035" ind1=" " ind2=" "><subfield code="a">(MiU)006822258</subfield></datafield><datafield tag="035" ind1=" " ind2=" "><subfield code="a">sdr-miu006822258</subfield></datafield><datafield tag="040" ind1=" " ind2=" "><subfield code="a">MiU</subfield><subfield code="c">MiU</subfield><subfield code="e">amremm</subfield></datafield><datafield tag="041" ind1="0" ind2=" "><subfield code="a">ota</subfield></datafield><datafield tag="043" ind1=" " ind2=" "><subfield code="a">n-us-mi</subfield></datafield><datafield tag="245" ind1="0" ind2="0"><subfield code="6">880-03</subfield><subfield code="a">[Mecmua,</subfield><subfield code="f">1024, i.e. 1615 or 1616].</subfield></datafield><datafield tag="260" ind1=" " ind2=" "><subfield code="a">[Bakhchysaraǐ,</subfield><subfield code="c">1615 or 1616].</subfield></datafield><datafield tag="300" ind1=" " ind2=" "><subfield code="a">38 leaves :</subfield><subfield code="b">paper ;</subfield><subfield code="c">256 x 155 (200 x 102) mm.</subfield></datafield><datafield tag="500" ind1=" " ind2=" "><subfield code="a">Shelfmark: Ann Arbor, University of Michigan, Special Collections Library, Isl. Ms. 398</subfield></datafield><datafield tag="500" ind1=" " ind2=" "><subfield code="a">Origin: As appears in colophon at close on p.56, copied by Ḥāfiẓ Muḥammad al-Balkhī with transcription completed in Bağçasaray (Bāghchahʻsarāy /باغچه سراى ), capital of the Krim Tatar state, in 1024 [1615 or 16].</subfield></datafield><datafield tag="500" ind1=" " ind2=" "><subfield code="a">Former shelfmark: "248 T. De M. [i.e. Tammaro De Marinis]" inscribed in pencil on repair to 'title page' (p.1).</subfield></datafield><datafield tag="500" ind1=" " ind2=" "><subfield code="a">Binding: Pasteboards covered in dark brown leather ; Type III binding (without flap) ; doublures in marbled paper (in yellow, blue, red, and turquoise) ; upper and lower covers carry gold-tooled central ornament of interlace forming diamond shape with pendants ; sewn in white thread, two stations ; overall in poor condition with much abrasion, cracking and losses of leather, staining, etc. ; small repair to spine in red leather, also damaged.</subfield></datafield><datafield tag="500" ind1=" " ind2=" "><subfield code="a">Support: non-European laid paper with 7-8 laid lines per cm. (vertical or horizontal, somewhat distinct, some curving) and chain lines occasionally visible, cloudy formation, thin and transluscent though sturdy, dark beige in color, well-burnished ; staining and tears, repairs (fills and guards) in European laid paper.</subfield></datafield><datafield tag="500" ind1=" " ind2=" "><subfield code="a">Decoration: Splendid though damaged illuminated headpiece (ʻunwān / sarlawḥ) at opening on p.2 consisting of large rectangular piece with empty gold cartouche defined by looping white banding with black crosses surrounded by arabesques and floral motifs in gold, red, white, pink, pistachio, etc. on grounds of gold and deep blue, bordered in a heavy band of lozenges and rosettes and surmounted by a scalloped semi-circular piece or dome with similar floral vegetal motifs on grounds of turquoise, deep blue (lapis) and gold, itself surmounted by vertical stalks (tīgh) in blue with red accents ; written area throughout surrounded by gold frame, divisions within defined by narrow gold or turquoise bands ; textual dividers in the form of turquoise inverted commas ; many headings and keywords rubricated ; several diagrams and tables outlined in gold, turquoise or red ; opening calligraphic specimen (on p.1) surrounded by marginal decoration in gold floral vegetal motifs ; written area occasionally gold-flecked (as for the calligraphic specimen on p.35 and tables and text in section following) ; illustration of rainbow (قوس قزح) on p.47.</subfield></datafield><datafield tag="500" ind1=" " ind2=" "><subfield code="a">Script: Nastaʻlīq (talik) ; fine hand in a medium line ; serifless with effect of inclination to the right, descent of words to baseline, elongation of horizontal strokes, pointing in distinct or conjoined dots.</subfield></datafield><datafield tag="500" ind1=" " ind2=" "><subfield code="a">Layout: Written mainly in 16 lines per page but with many diagrams and tables of varying size ; frame-ruled.</subfield></datafield><datafield tag="500" ind1=" " ind2=" "><subfield code="a">Collation: V (10), 2 IV(36), 2 (38) ; quinion and two quaternions ; catchwords present ; pagination in pencil, Western numerals, supplied during digitization.</subfield></datafield><datafield tag="500" ind1=" " ind2=" "><subfield code="a">Colophon: "Scribal," triangular, reads "نوشته شد از براى سلطان دولت نشان ذى شان جنكيزى حفظه الله تعالى عن الافات والبليات نمقه العبد المذنب الفقير الحقير حافظ محمد البلخى وحرره بباغجه سراى المحروسه سنه ١٠٢۴"</subfield></datafield><datafield tag="500" ind1=" " ind2=" "><subfield code="a">Incipit: "بو منطويه آيك قنقى برجده اولدوغن بلمك طريقن بلدرر هر نيجه كون كيجسه آيدن اى اخى قوى آتك اوستينه اول دكلو در خي ..."</subfield></datafield><datafield tag="500" ind1=" " ind2=" "><subfield code="a">Title supplied by cataloguer.</subfield></datafield><datafield tag="500" ind1=" " ind2=" "><subfield code="a">Ms. codex.</subfield></datafield><datafield tag="520" ind1="8" ind2=" "><subfield code="a">Elegant copy of a selection of short treatises, mainly on date calculations, calendar tables, etc. including explication (see p.9) and selections (see p.24 on) from the calendar or almanac of Şeyh Vefa (Muslihittin Mustafa, d.1490), interspersed with calligraphic specimens signed by the copyist.</subfield></datafield><datafield tag="538" ind1=" " ind2=" "><subfield code="a">Mode of access: Internet.</subfield></datafield><datafield tag="541" ind1=" " ind2=" "><subfield code="c">Purchase ;</subfield><subfield code="a">Acquired by purchase (funds donated by Horace Rackham).</subfield><subfield code="d">1924.</subfield></datafield><datafield tag="546" ind1=" " ind2=" "><subfield code="a">Ottoman Turkish.</subfield></datafield><datafield tag="561" ind1=" " ind2=" "><subfield code="a">Occasional glosses (some dated 1191 [1777], 1086 [1675 or 6], 1073 [1662 or 3], see p.36, 38, 39, etc.) ; verses of calligraphic inscription on lower doublure ascribed to Muḥammad Girāy Sulṭān (Mehmet Giray Sultan) and seemingly dated 1096 [1684 or 5].</subfield></datafield><datafield tag="650" ind1=" " ind2="0"><subfield code="a">Manuscripts, Turkish</subfield><subfield code="z">Michigan</subfield><subfield code="z">Ann Arbor.</subfield></datafield><datafield tag="650" ind1=" " ind2="0"><subfield code="a">Perpetual calendars</subfield><subfield code="v">Early works to 1800.</subfield></datafield><datafield tag="650" ind1=" " ind2="0"><subfield code="a">Islamic calendar</subfield><subfield code="v">Early works to 1800.</subfield></datafield><datafield tag="655" ind1=" " ind2="7"><subfield code="a">Headpieces (layout features)</subfield><subfield code="y">17th century.</subfield><subfield code="2">aat</subfield></datafield><datafield tag="700" ind1="0" ind2=" "><subfield code="a">Abdülhamid</subfield><subfield code="b">II,</subfield><subfield code="c">Sultan of the Turks,</subfield><subfield code="d">1842-1918,</subfield><subfield code="e">former owner.</subfield></datafield><datafield tag="700" ind1="0" ind2=" "><subfield code="6">880-05</subfield><subfield code="a">Ḥāfiẓ Muḥammad al-Balkhī,</subfield><subfield code="d">fl. 1615,</subfield><subfield code="e">scribe.</subfield></datafield><datafield tag="700" ind1="0" ind2="2"><subfield code="6">880-04</subfield><subfield code="a">Vefa,</subfield><subfield code="c">Şeyh,</subfield><subfield code="d">-1490.</subfield><subfield code="t">Ruzname-yi hazret-i Şeyh Vefa.</subfield></datafield><datafield tag="773" ind1="0" ind2=" "><subfield code="a">Abdul Hamid Collection.</subfield></datafield><datafield tag="880" ind1="0" ind2=" "><subfield code="6">700-05/</subfield><subfield code="a">حافظ محمد البلخي,</subfield><subfield code="e">ناسخ.</subfield></datafield><datafield tag="880" ind1="1" ind2="2"><subfield code="6">700-04/</subfield><subfield code="a">وفا،</subfield><subfield code="c">شيخ،</subfield><subfield code="t">روزنامۀ حضرت شيخ وفا.</subfield></datafield><datafield tag="880" ind1="0" ind2="0"><subfield code="6">245-03/</subfield><subfield code="a">[مجموعه,</subfield><subfield code="f">1024ه، 1615 او 1616م].</subfield></datafield><datafield tag="CID" ind1=" " ind2=" "><subfield code="a">006822258</subfield></datafield><datafield tag="DAT" ind1="0" ind2=" "><subfield code="a">20190719102640.0</subfield><subfield code="b">20190719000000.0</subfield></datafield><datafield tag="DAT" ind1="1" ind2=" "><subfield code="a">20190719090653.0</subfield><subfield code="b">2019-07-19T16:12:06Z</subfield></datafield><datafield tag="DAT" ind1="2" ind2=" "><subfield code="a">2015-10-02T18:00:03Z</subfield></datafield><datafield tag="CAT" ind1=" " ind2=" "><subfield code="a">SDR-MIU</subfield><subfield code="d">EX LIBRIS - ALEPH</subfield><subfield code="l">prepare.pl-004-008</subfield></datafield><datafield tag="FMT" ind1=" " ind2=" "><subfield code="a">BK</subfield></datafield><datafield tag="HOL" ind1=" " ind2=" "><subfield code="0">sdr-miu006822258</subfield><subfield code="a">MiU</subfield><subfield code="b">SDR</subfield><subfield code="c">MIU</subfield><subfield code="p">mdp.39015079130657</subfield><subfield code="s">MIU</subfield><subfield code="1">006822258</subfield></datafield><datafield tag="974" ind1=" " ind2=" "><subfield code="b">MIU</subfield><subfield code="c">MIU</subfield><subfield code="d">20190719</subfield><subfield code="s">lit-dlps-dc</subfield><subfield code="u">mdp.39015079130657</subfield><subfield code="y">1616</subfield><subfield code="r">pd</subfield><subfield code="q">bib</subfield><subfield code="t">non-US bib date2 &lt; 1896</subfield></datafield></record></collection>